@online{plc:web,
	title  = {Unitronics: PLC: Programmable Logic Controller},
	url    = {https://www.unitronicsplc.com/what-is-plc-programmable-logic-controller/},
	urldate = {2021-04-25},
	year = {2021}
}

@online{mtb:web,
	title  = {MTB: IO sběrnice pro řízení modelových kolejišť},
	url    = {https://mtb.kmz-brno.cz/},
	urldate = {2021-04-25},
	year = {2021}
}

@online{modbus:web,
	title  = {Modbus Organization: Home page},
	url    = {https://modbus.org/},
	urldate = {2021-04-25},
	year = {2021}
}

@online{ko:web,
	title  = {Kolejový obvod},
	url    = {https://cs.wikipedia.org/wiki/Kolejový_obvod},
	urldate = {2021-04-25},
	year = {2021}
}

@online{dcc_intro:web,
	title  = {Introduction to DCC},
	url    = {https://dccwiki.com/Introduction_to_DCC},
	urldate = {2021-04-25},
	year = {2021}
}

@online{kmz_rizeni:web,
	title  = {Klub modelářů železnic Brno I: systém řízení kolejiště H0},
	url    = {https://www.kmz-brno.cz/rizeni-kolejiste-kmz-brno/},
	urldate = {2021-04-25},
	year = {2021}
}

@online{dcc_systems:web,
	title  = {Wikipedia: Digital model railway control systems: Systems},
	url    = {https://en.wikipedia.org/wiki/Digital_model_railway_control_systems#Digital_Command_Control},
	urldate = {2021-04-26},
	year = {2021}
}

@online{dcc_specs:web,
	title  = {NMRA Standards and Recommended Practices},
	url    = {https://www.nmra.org/index-nmra-standards-and-recommended-practices},
	urldate = {2021-04-26},
	year = {2021}
}

@online{dcc_wikipedia:web,
	title  = {Wikipedia: Digital Command Control},
	url    = {https://en.wikipedia.org/wiki/Digital_Command_Control},
	urldate = {2021-04-26},
	year = {2021}
}

